<record><leader>00000cas a2200000 a 4500</leader><controlfield tag="001">42656040</controlfield><controlfield tag="008">991018c20009999wiumn ne      0   a0eng  </controlfield><datafield ind1=" " ind2=" " tag="010"><subfield code="a">  2001211688</subfield></datafield><datafield ind1=" " ind2=" " tag="040"><subfield code="a">WIH</subfield><subfield code="b">eng</subfield><subfield code="c">WIH</subfield><subfield code="d">NSD</subfield><subfield code="d">DLC</subfield><subfield code="d">OCLCQ</subfield><subfield code="d">OCLCF</subfield></datafield><datafield ind1=" " ind2=" " tag="012"><subfield code="m">0</subfield></datafield><datafield ind1="1" ind2=" " tag="022"><subfield code="a">1535-5985</subfield><subfield code="l">1535-5985</subfield><subfield code="2">1</subfield></datafield><datafield ind1="1" ind2=" " tag="029"><subfield code="a">AU@</subfield><subfield code="b">000022767872</subfield></datafield><datafield ind1=" " ind2=" " tag="037"><subfield code="b">Finnish American Publishers, Inc., PO Box 432, Cedar Grove, WI 53013</subfield><subfield code="c">$20.00</subfield></datafield><datafield ind1=" " ind2=" " tag="042"><subfield code="a">nsdp</subfield><subfield code="a">msc</subfield></datafield><datafield ind1=" " ind2=" " tag="043"><subfield code="a">n-us-wi</subfield></datafield><datafield ind1="0" ind2="0" tag="050"><subfield code="a">E184.F5</subfield><subfield code="b">N39</subfield></datafield><datafield ind1=" " ind2="0" tag="222"><subfield code="a">New world Finn</subfield></datafield><datafield ind1="0" ind2="0" tag="245"><subfield code="a">New world Finn.</subfield></datafield><datafield ind1=" " ind2=" " tag="260"><subfield code="a">McFarland, WI :</subfield><subfield code="b">New World Finn Pub. Co.</subfield></datafield><datafield ind1=" " ind2=" " tag="300"><subfield code="a">v. :</subfield><subfield code="b">ill. ;</subfield><subfield code="c">35 cm.</subfield></datafield><datafield ind1=" " ind2=" " tag="310"><subfield code="a">Monthly, except Aug.</subfield></datafield><datafield ind1="1" ind2=" " tag="362"><subfield code="a">Began in 2000?</subfield></datafield><datafield ind1=" " ind2=" " tag="588"><subfield code="a">Description based on surrogate of: Vol. 2, no. 9 (May 2001).</subfield></datafield><datafield ind1=" " ind2="0" tag="650"><subfield code="a">Finnish Americans</subfield><subfield code="v">Newspapers.</subfield></datafield><datafield ind1=" " ind2="7" tag="655"><subfield code="a">Newspapers.</subfield><subfield code="2">fast</subfield><subfield code="0">(OCoLC)fst01423814</subfield></datafield><datafield ind1=" " ind2="7" tag="650"><subfield code="a">Finnish Americans.</subfield><subfield code="2">fast</subfield><subfield code="0">(OCoLC)fst00924936</subfield></datafield><datafield ind1=" " ind2=" " tag="752"><subfield code="a">United States</subfield><subfield code="b">Wisconsin</subfield><subfield code="c">Sheboygan</subfield><subfield code="d">McFarland.</subfield></datafield><datafield ind1="0" ind2="0" tag="780"><subfield code="t">New journal for North American Finns</subfield></datafield><datafield ind1=" " ind2=" " tag="850"><subfield code="a">DLC</subfield></datafield></record>